
@Book{deeplearning2016,
	series = {Adaptive computation and machine learning},
	publisher = {The MIT Press},
	isbn = {0262035618},
	year = {2016},
	title = {Deep learning},
	language = {eng},
	address = {Cambridge, Massachusetts},
	author = {Goodfellow, Ian},
	keywords = {Machine learning},
}

@Misc{CS231n,
	howpublished = {\url{http://cs231n.github.io/convolutional-networks/}},
	title = {CS231n Convolutional Neural Networks for Visual Recognition},
	author = {CS231n}
}

@article{DBLP:journals/corr/YuK15,
	author    = {Fisher Yu and
	Vladlen Koltun},
	title     = {Multi-Scale Context Aggregation by Dilated Convolutions},
	journal   = {CoRR},
	volume    = {abs/1511.07122},
	year      = {2015},
	url       = {http://arxiv.org/abs/1511.07122},
	archivePrefix = {arXiv},
	eprint    = {1511.07122},
	timestamp = {Mon, 13 Aug 2018 16:49:01 +0200},
	biburl    = {https://dblp.org/rec/bib/journals/corr/YuK15},
	bibsource = {dblp computer science bibliography, https://dblp.org}
}

@article{LecunY.1998Glat,
	issn = {0018-9219},
	journal = {Proceedings of the IEEE},
	pages = {2278--2324},
	volume = {86},
	publisher = {IEEE},
	number = {11},
	year = {1998},
	title = {Gradient-based learning applied to document recognition},
	language = {eng},
	address = {USA},
	author = {Lecun, Y. and Bottou, L. and Bengio, Y. and Haffner, P.},
	keywords = {General Topics for Engineers ; Engineering Profession},
}

@article{JiaYangqing2014LSIR,
	publisher = {eScholarship},
	year = {2014},
	title = {Learning Semantic Image Representations at a Large Scale},
	address = {University of California},
	author = {Jia, Yangqing},
	keywords = {Computer science},
	url = {http://www.escholarship.org/uc/item/64c2v6sn},
}



@inproceedings{langley00,
 author    = {P. Langley},
 title     = {Crafting Papers on Machine Learning},
 year      = {2000},
 pages     = {1207--1216},
 editor    = {Pat Langley},
 booktitle     = {Proceedings of the 17th International Conference
              on Machine Learning (ICML 2000)},
 address   = {Stanford, CA},
 publisher = {Morgan Kaufmann}
}

@inproceedings{BoureauY-Lan2010Lmff,
	issn = {1063-6919},
	journal = {Computer Vision and Pattern Recognition (CVPR), 2010 IEEE Conference on},
	pages = {2559--2566},
	publisher = {IEEE Publishing},
	isbn = {978-1-4244-6984-0},
	year = {2010},
	title = {Learning mid-level features for recognition},
	language = {eng},
	author = {Boureau, Y-Lan and Bach, Francis and Lecun, Yann and Ponce, Jean},
}

@article{DumoulinVincent2016Agtc,
	year = {2016},
	title = {A guide to convolution arithmetic for deep learning},
	author = {Dumoulin, Vincent and Visin, Francesco},
	keywords = {Statistics - Machine Learning ; Computer Science - Learning ; Computer Science - Neural And Evolutionary Computing},
}