@book{GoodfellowIan2016Dl,
series = {Adaptive computation and machine learning},
publisher = {The MIT Press},
isbn = {0262035618},
year = {2016},
title = {Deep learning},
language = {eng},
address = {Cambridge, Massachusetts},
author = {Goodfellow, Ian},
keywords = {Machine learning},
}

